<?xml version="1.0" encoding="UTF-8"?><collection xmlns="http://www.loc.gov/MARC21/slim"><record><leader>00495nam--2200157-i-4500</leader><controlfield tag="001">000023278</controlfield><controlfield tag="002">20161230</controlfield><controlfield tag="005">20170113184101</controlfield><controlfield tag="008">060222s1000------------r-----000-0-eng-d</controlfield><datafield ind1=" " ind2=" " tag="080"><subfield code="a">015:547:548</subfield></datafield><datafield ind1=" " ind2=" " tag="100"><subfield code="a">Hickel, Daniel</subfield></datafield><datafield ind1=" " ind2=" " tag="245"><subfield code="a">Determination de la structure chimique et de la conformation d`un nouvel antibiotique par radiocristallographie</subfield><subfield code="b">/these</subfield></datafield><datafield ind1=" " ind2=" " tag="260"><subfield code="a">Bordeaux</subfield><subfield code="b">L`Universite De Bordeaux I</subfield><subfield code="c">1971</subfield></datafield><datafield ind1=" " ind2=" " tag="300"><subfield code="a">81 p. + 6 P.Dif</subfield></datafield><datafield ind1=" " ind2=" " tag="852"><subfield code="a">38203</subfield></datafield><datafield ind1=" " ind2=" " tag="CAT"><subfield code="a">SYS</subfield><subfield code="c">20170113</subfield><subfield code="h">184101</subfield></datafield></record></collection>